<?xml version="1.0" encoding="UTF-8"?><collection xmlns="http://www.loc.gov/MARC21/slim"><record><leader>00636nam--2200193-u-4500</leader><controlfield tag="001">000055084</controlfield><controlfield tag="002">20161230</controlfield><controlfield tag="005">20161230201052</controlfield><controlfield tag="008">121031s1000------------r-----000-0-eng-d</controlfield><datafield ind1=" " ind2=" " tag="020"><subfield code="a">2257150104</subfield></datafield><datafield ind1=" " ind2=" " tag="040"><subfield code="a">IFIN-HH</subfield></datafield><datafield ind1=" " ind2=" " tag="080"><subfield code="a">538.958(061.3)</subfield></datafield><datafield ind1="1" ind2=" " tag="100"><subfield code="a">Balkanski, M</subfield></datafield><datafield ind1="1" ind2="0" tag="245"><subfield code="a">Proceedings of the third international conference on light scattering in solids, campinas, brazil, july 25-30,1975</subfield><subfield code="c">M. balkanki, r.c.c. leite, s.p.s. porto (eds.)</subfield></datafield><datafield ind1=" " ind2=" " tag="260"><subfield code="a">Paris</subfield><subfield code="b">Flammarion Sciences</subfield><subfield code="c">1976</subfield></datafield><datafield ind1=" " ind2=" " tag="300"><subfield code="a">XVI+965P.+SUBJ.INDEX+AUTH.INDEX</subfield></datafield><datafield ind1="1" ind2=" " tag="700"><subfield code="a">Porto, S.P.S</subfield><subfield code="e">Ed</subfield></datafield><datafield ind1=" " ind2=" " tag="852"><subfield code="a">47952</subfield><subfield code="c">539.2</subfield></datafield><datafield ind1=" " ind2=" " tag="CAT"><subfield code="a">Sys</subfield><subfield code="c">20121031</subfield><subfield code="h">112718</subfield></datafield></record></collection>